@article{einstein,
    author =       "Albert Einstein",
    title =        "{Zur Elektrodynamik bewegter K{\"o}rper}. ({German})
        [{On} the electrodynamics of moving bodies]",
    journal =      "Annalen der Physik",
    volume =       "322",
    number =       "10",
    pages =        "891--921",
    year =         "1905",
    DOI =          "http://dx.doi.org/10.1002/andp.19053221004"
}

@book{latexcompanion,
    author    = "Michel Goossens and Frank Mittelbach and Alexander Samarin",
    title     = "The \LaTeX\ Companion",
    year      = "1993",
    publisher = "Addison-Wesley",
    address   = "Reading, Massachusetts"
}

@misc{knuthwebsite,
    author    = "Donald Knuth",
    title     = "Knuth: Computers and Typesetting",
    year      = "1993",
    url       = "http://www-cs-faculty.stanford.edu/\~{}uno/abcde.html"
}

@article{shamsuddin2013,
  ids = {shamsuddin2013city},
  title = {How a City Lost Its Waterfront: Tracing the Effects of Policies on the Sustainability of the {{Kuala Lumpur}} Waterfront as a Public Place},
  author = {Shamsuddin, Shuhana and Abdul Latip, Nurul Syala and Ujang, Norsidah and Sulaiman, Ahmad Bashri and Alias, Nursyahida Alfath},
  year = {2013},
  journal = {Journal of Environmental Planning and Management},
  volume = {56},
  number = {3},
  pages = {378--397},
  publisher = {{Taylor \& Francis}}
}

@inproceedings{yassin2010,
  title = {An Evolution of Waterfront Development in {{Malaysia}}},
  booktitle = {Proceedings of the 16th Annual Conference of the Pacific Rim Real Estate Society, Wellington, New Zealand},
  author = {Yassin, Azlina Binti Md and Eves, Chris and McDonagh, John},
  year = {2010},
  pages = {24--27}
}

@phdthesis{wardasusaniati2011,
  title = {Studi Tentang Produktivitas Bagan Tancap Di Perairan Kabupaten Jeneponto Sulawesi Selatan},
  author = {{Warda Susaniati}},
  year = {2011},
  address = {{MAKASSAR}},
  school = {UNIVERSITAS HASANUDDIN}
}

@article{goni2018,
  title = {Analisis Perubahan Garis Pantai Dan Strategi Pengelolaannya Di Pantai Barat Sulawesi Selatan},
  author = {Goni, Agustina and Rauf, Abdul and Asbar, Muhammad},
  year = {2018},
  month = dec,
  journal = {JOURNAL OF INDONESIAN TROPICAL FISHERIES (JOINT-FISH) : Jurnal Akuakultur, Teknologi Dan Manajemen Perikanan Tangkap, Ilmu Kelautan},
  volume = {1},
  number = {1},
  pages = {89--99},
  issn = {2655-5883, 2655-4461},
  doi = {10.33096/joint-fish.v1i1.24}
}

@article{hoyle2001,
  title = {Lamu: Waterfront Revitalization in an {{East African}} Port-City},
  author = {Hoyle, Brian},
  year = {2001},
  journal = {Cities (London, England)},
  volume = {18},
  number = {5},
  pages = {297--313},
  publisher = {{Elsevier}}
}

@phdthesis{kim2012,
  title = {Researching {{Indoor Public Space Attributes}}: Enhancing the {{Interaction}} between {{Older Adults}} and {{Children}}},
  author = {Kim, Hyun Jee},
  year = {2012},
  address = {{Ann Arbor}},
  isbn = {978-1-303-00802-3},
  langid = {english},
  school = {North Carolina State University},
  keywords = {0351:Gerontology,0384:Behavioral psychology,0389:Design,0451:Social psychology,Behavioral psychology,Children,Communication and the arts,Design,Gerontology,Indoor public spaces,Interaction,Older adults,Psychology,Quality of life,Social psychology,Social sciences}
}

@article{madureira2018,
  title = {Preferences for {{Urban Green Space Characteristics}}: A {{Comparative Study}} in {{Three Portuguese Cities}}},
  shorttitle = {Preferences for {{Urban Green Space Characteristics}}},
  author = {Madureira, Helena and Nunes, Fernando and Oliveira, Jos{\'e} and Madureira, Teresa},
  year = {2018},
  month = feb,
  journal = {Environments},
  volume = {5},
  number = {2},
  pages = {23},
  issn = {2076-3298},
  doi = {10.3390/environments5020023}
}

@book{zhang2006,
  title = {A Landscape Preference Study of Campus Open Space},
  author = {Zhang, Ying},
  year = {2006},
  publisher = {{Mississippi State University}}
}

@book{knox2014,
  title = {Urban Social Geography: An Introduction},
  author = {Knox, Paul and Pinch, Steven},
  year = {2014},
  publisher = {{Routledge}}
}

@article{alves2008,
  title = {Preferences of Older People for Environmental Attributes of Local Parks},
  author = {Alves, Susana and Aspinall, Peter A and Thompson, Catharine Ward and Sugiyama, Takemi and Brice, Roger and Vickers, Adrian},
  year = {2008},
  journal = {Facilities},
  publisher = {{Emerald Group Publishing Limited}}
}

@book{creswell2016,
  title = {Qualitative Inquiry and Research Design: Choosing among Five Approaches},
  author = {Creswell, John W and Poth, Cheryl N},
  year = {2016},
  publisher = {{Sage publications}}
}

@article{nurdini2006,
  title={" Cross-sectional vs Longitudinal": Pilihan Rancangan Waktu dalam Penelitian Perumahan Permukiman},
  author={Nurdini, Allis},
  journal={DIMENSI (Journal of Architecture and Built Environment)},
  volume={34},
  number={1},
  pages={52--58},
  year={2006}
}

@article{bpskotaparepare2020,
  title = {{{Kota Parepare dalam Angka Parepare Municipality}} in {{Figures}} 2020},
  shorttitle = {{{Kota Parepare dalam Angka}}},
  author = {{Bps Kota Parepare}},
  year = {2020},
  journal = {Badan Pusat Statistik Kota Parepare},
  volume = {73720.2002},
  number = {1102001.7372},
  issn = {0215-7047}
}

@book{groat2013,
  title = {Architectural Research Methods},
  author = {Groat, Linda N and Wang, David},
  year = {2013},
  publisher = {{John Wiley \& Sons}}
}

@phdthesis{tri2020,
  title = {Strategi Pengembangan Pariwisata di Kota Parepare oleh Dinas Olahraga Pemuda dan Pariwisata Kota Parepare},
  author = {Tri Amriani Amanda},
  year = {2020},
  school={Universitas Hasanuddin}
}
